<record><leader>00000cas a2200000 a 4500</leader><controlfield tag="001">35052343</controlfield><controlfield tag="008">960710d18821893miuwr ne      0    0eng c</controlfield><datafield ind1=" " ind2=" " tag="010"><subfield code="a">sn 96076818 </subfield></datafield><datafield ind1=" " ind2=" " tag="040"><subfield code="a">MHN</subfield><subfield code="b">eng</subfield><subfield code="c">MHN</subfield><subfield code="d">OCL</subfield><subfield code="d">OCLCQ</subfield><subfield code="d">OCLCF</subfield><subfield code="d">OCLCO</subfield></datafield><datafield ind1="1" ind2=" " tag="029"><subfield code="a">AU@</subfield><subfield code="b">000012679603</subfield></datafield><datafield ind1=" " ind2=" " tag="042"><subfield code="a">pcc</subfield></datafield><datafield ind1=" " ind2=" " tag="043"><subfield code="a">n-us-mi</subfield></datafield><datafield ind1="0" ind2=" " tag="130"><subfield code="a">Decatur Republican (Decatur, Mich. : 1882)</subfield></datafield><datafield ind1="1" ind2="4" tag="245"><subfield code="a">The Decatur Republican.</subfield></datafield><datafield ind1="3" ind2=" " tag="246"><subfield code="a">Decatur Van Buren County Republican</subfield></datafield><datafield ind1=" " ind2=" " tag="260"><subfield code="a">Decatur, Mich. :</subfield><subfield code="b">R.L. Warren</subfield></datafield><datafield ind1=" " ind2=" " tag="300"><subfield code="a">v.</subfield></datafield><datafield ind1=" " ind2=" " tag="310"><subfield code="a">Weekly</subfield></datafield><datafield ind1="0" ind2=" " tag="362"><subfield code="a">Vol. 16, no. 1 (Aug. 16, 1882)-v. 26, no. 17 (Nov. 24, 1892) = whole no. 785-whole no. 1320 ; 26th yr., no. 18 (Dec. 1, 1892)-26th yr. no. 30 (Mar. 2, 1893).</subfield></datafield><datafield ind1=" " ind2=" " tag="500"><subfield code="a">Van Buren County over ornament in masthead.</subfield></datafield><datafield ind1=" " ind2="0" tag="651"><subfield code="a">Decatur (Mich.)</subfield><subfield code="v">Newspapers.</subfield></datafield><datafield ind1=" " ind2="0" tag="651"><subfield code="a">Van Buren County (Mich.)</subfield><subfield code="v">Newspapers.</subfield></datafield><datafield ind1=" " ind2="7" tag="655"><subfield code="a">Newspapers.</subfield><subfield code="2">fast</subfield><subfield code="0">(OCoLC)fst01423814</subfield></datafield><datafield ind1=" " ind2="7" tag="651"><subfield code="a">Michigan</subfield><subfield code="z">Decatur.</subfield><subfield code="2">fast</subfield><subfield code="0">(OCoLC)fst01877234</subfield></datafield><datafield ind1=" " ind2="7" tag="651"><subfield code="a">Michigan</subfield><subfield code="z">Van Buren County.</subfield><subfield code="2">fast</subfield><subfield code="0">(OCoLC)fst01213240</subfield></datafield><datafield ind1=" " ind2=" " tag="752"><subfield code="a">United States</subfield><subfield code="b">Michigan</subfield><subfield code="c">Van Buren</subfield><subfield code="d">Decatur.</subfield></datafield><datafield ind1="0" ind2="0" tag="780"><subfield code="t">Van Buren County Republican (Decatur, Mich. : 1867)</subfield><subfield code="w">(DLC)sn 85033610</subfield><subfield code="w">(OCoLC)12109157</subfield></datafield><datafield ind1="0" ind2="0" tag="785"><subfield code="t">Van Buren County Republican (Decatur, Mich. : 1893)</subfield><subfield code="w">(DLC)sn 98066986</subfield><subfield code="w">(OCoLC)40265079</subfield></datafield></record>